<record xmlns:xsi="http://www.w3.org/2001/XMLSchema-instance" xmlns="http://www.loc.gov/MARC21/slim" xsi:schemaLocation="http://www.loc.gov/MARC21/slim http://www.loc.gov/standards/marcxml/schema/MARC21slim.xsd">

  <leader>00590nam a2200181   4500</leader>
  <controlfield tag="008">160704b2002    M  ||||| |||| 00| | spa d</controlfield>
  <datafield tag="020" ind1=" " ind2=" ">
    <subfield code="a">2100047590</subfield>
  </datafield>
  <datafield ind1=" " ind2=" " tag="090">
    <subfield code="a">05.03.01 </subfield>
    <subfield code="b">2228 </subfield>
  </datafield>
  <datafield ind1=" " ind2=" " tag="100">
    <subfield code="9">1873</subfield>
    <subfield code="a">Laure, Francois</subfield>
  </datafield>
  <datafield ind1="1" ind2="0" tag="245">
    <subfield code="a">Técnicas de presentación: métodos y herramientas para lograr las mejores presentaciones / </subfield>
    <subfield code="c">Francois Laure</subfield>
  </datafield>
  <datafield ind1=" " ind2=" " tag="260">
    <subfield code="a">México : </subfield>
    <subfield code="b">Continental, </subfield>
    <subfield code="c">2002</subfield>
  </datafield>
  <datafield ind2=" " ind1=" " tag="300">
    <subfield code="a">203 páginas</subfield>
  </datafield>
  <datafield tag="650" ind1="1" ind2="4">
    <subfield code="9">1874</subfield>
    <subfield code="a">RELACIONES HUMANAS</subfield>
  </datafield>
  <datafield ind2="4" ind1="1" tag="650">
    <subfield code="9">1875</subfield>
    <subfield code="a">COMPETENCIA PROFESIONAL</subfield>
  </datafield>
  <datafield tag="650" ind2="4" ind1="1">
    <subfield code="9">1295</subfield>
    <subfield code="a">TRABAJO EN GRUPO</subfield>
  </datafield>
  <datafield tag="650" ind2="4" ind1="1">
    <subfield code="9">729</subfield>
    <subfield code="a">CAPACITACIÓN</subfield>
  </datafield>
  <datafield tag="942" ind1=" " ind2=" ">
    <subfield code="2">z</subfield>
    <subfield code="c">01</subfield>
  </datafield>
  <datafield tag="999" ind1=" " ind2=" ">
    <subfield code="c">3271</subfield>
    <subfield code="d">3271</subfield>
  </datafield>
</record>